@inproceedings{kour2014real,
  title={Real-time segmentation of on-line handwritten arabic script},
  author={Kour, George and Saabne, Raid},
  booktitle={Frontiers in Handwriting Recognition (ICFHR), 2014 14th International Conference on},
  pages={417--422},
  year={2014},
  organization={IEEE}
}

@inproceedings{kour2014fast,
  title={Fast classification of handwritten on-line Arabic characters},
  author={Kour, George and Saabne, Raid},
  booktitle={Soft Computing and Pattern Recognition (SoCPaR), 2014 6th International Conference of},
  pages={312--318},
  year={2014},
  organization={IEEE},
  doi={10.1109/SOCPAR.2014.7008025}
}

@article{hadash2018estimate,
  title={Estimate and Replace: A Novel Approach to Integrating Deep Neural Networks with Existing Applications},
  author={Hadash, Guy and Kermany, Einat and Carmeli, Boaz and Lavi, Ofer and Kour, George and Jacovi, Alon},
  journal={arXiv preprint arXiv:1804.09028},
  year={2018}
}

@article{pei2019chip,
author = {Pei, Jing and Deng, Lei and Song, Sen and Zhao, Mingguo and Zhang, Youhui and Wu, Shuang and Wang, Guanrui and Zou, Zhe and Wu, Zhenzhi and He, Wei and Chen, Feng and Deng, Ning and Wu, Si and Wang, Yu and Wu, Yujie and Yang, Zheyu and Ma, Cheng and Li, Guoqi and Han, Wentao and Shi, L.P.},
year = {2019},
month = {08},
pages = {106},
title = {Towards artificial general intelligence with hybrid Tianjic chip architecture},
volume = {572},
journal = {Nature},
doi = {10.1038/s41586-019-1424-8}
}

@article{goertzel2020languages,
  author    = {Ben Goertzel},
  title     = {What Kind of Programming Language Best Suits Integrative AGI?},
  journal   = {CoRR},
  volume    = {abs/2004.05267},
  year      = {2020},
  url       = {https://arxiv.org/abs/2004.05267},
  eprinttype = {arXiv},
  eprint    = {2004.05267},
  timestamp = {Tue, 14 Apr 2020 16:40:34 +0200},
  biburl    = {https://dblp.org/rec/journals/corr/abs-2004-05267.bib},
  bibsource = {dblp computer science bibliography, https://dblp.org}
}

@article{boltuc2020consciousness,
author = {Boltuc, Pete},
year = {2020},
month = {01},
pages = {365-372},
title = {Consciousness for AGI},
volume = {169},
journal = {Procedia Computer Science},
doi = {10.1016/j.procs.2020.02.231}
}

@InProceedings{pei2012motivationmanagement,
author="Wang, Pei",
editor="Bach, Joscha
and Goertzel, Ben
and Ikl{\'e}, Matthew",
title="Motivation Management in AGI Systems",
booktitle="Artificial General Intelligence",
year="2012",
publisher="Springer Berlin Heidelberg",
address="Berlin, Heidelberg",
pages="352--361",
abstract="AGI systems should be able to manage its motivations or goals that are persistent, spontaneous, mutually restricting, and changing over time. A mechanism for handles this kind of goals is introduced and discussed.",
isbn="978-3-642-35506-6"
}


@InProceedings{nikolay2020strength,
author="Mikhaylovskiy, Nikolay",
editor="Goertzel, Ben
and Panov, Aleksandr I.
and Potapov, Alexey
and Yampolskiy, Roman",
title="How Do You Test the Strength of AI?",
booktitle="Artificial General Intelligence",
year="2020",
publisher="Springer International Publishing",
address="Cham",
pages="257--266",
abstract="Creating Strong AI means to develop artificial intelligence to the point where the machine's intellectual capability is in a way equal to a human's.",
isbn="978-3-030-52152-3"
}

@InProceedings{bowen2020evaluation,
author="Xu, Bowen
and Ren, Quansheng",
editor="Goertzel, Ben
and Ikl{\'e}, Matt
and Potapov, Alexey
and Ponomaryov, Denis",
title="Artificial Open World for Evaluating AGI: A Conceptual Design",
booktitle="Artificial General Intelligence",
year="2023",
publisher="Springer International Publishing",
address="Cham",
pages="452--463",
abstract="How to evaluate Artificial General Intelligence (AGI) is a critical problem that is discussed and unsolved for a long period.",
isbn="978-3-031-19907-3"
}

@article{solo2010complexity,
author = {Solomonoff, R.J.},
year = {2010},
month = {01},
pages = {151-157},
title = {Algorithmic probability, heuristic programming and AGI},
journal = {Artificial General Intelligence - Proceedings of the Third Conference on Artificial General Intelligence, AGI 2010}
}

@InProceedings{hibbard2012aibehvaiour,
author="Hibbard, Bill",
editor="Bach, Joscha
and Goertzel, Ben
and Ikl{\'e}, Matthew",
title="Avoiding Unintended AI Behaviors",
booktitle="Artificial General Intelligence",
year="2012",
publisher="Springer Berlin Heidelberg",
address="Berlin, Heidelberg",
pages="107--116",
abstract="Artificial intelligence (AI) systems too complex for predefined environment models and actions will need to learn environment models and to choose actions that optimize some criteria.",
isbn="978-3-642-35506-6"
}

@InProceedings{hibbard2012safety,
author="Hibbard, Bill",
editor="Bach, Joscha
and Goertzel, Ben
and Ikl{\'e}, Matthew",
title="Decision Support for Safe AI Design",
booktitle="Artificial General Intelligence",
year="2012",
publisher="Springer Berlin Heidelberg",
address="Berlin, Heidelberg",
pages="117--125",
abstract="There is considerable interest in ethical designs for artificial intelligence (AI) that do not pose risks to humans.",
isbn="978-3-642-35506-6"
}


@article{aliman2019safety,
  author    = {Nadisha{-}Marie Aliman and
               Leon Kester},
  title     = {Augmented Utilitarianism for {AGI} Safety},
  journal   = {CoRR},
  volume    = {abs/1904.01540},
  year      = {2019},
  url       = {http://arxiv.org/abs/1904.01540},
  eprinttype = {arXiv},
  eprint    = {1904.01540},
  timestamp = {Wed, 24 Apr 2019 12:21:25 +0200},
  biburl    = {https://dblp.org/rec/journals/corr/abs-1904-01540.bib},
  bibsource = {dblp computer science bibliography, https://dblp.org}
}

@InProceedings{orseau2012issues,
author="Orseau, Laurent
and Ring, Mark",
editor="Bach, Joscha
and Goertzel, Ben
and Ikl{\'e}, Matthew",
title="Memory Issues of Intelligent Agents",
booktitle="Artificial General Intelligence",
year="2012",
publisher="Springer Berlin Heidelberg",
address="Berlin, Heidelberg",
pages="219--231",
abstract="Theoretical models of artificial general intelligence, such as AIXI [3], typically consider an intelligent agent to have unlimited computational resources, allowing it to keep a perfect memory of its entire interaction history with its environment.",
isbn="978-3-642-35506-6"
}

@article{casper2020problems,
  author    = {Stephen Casper},
  title     = {The Achilles Heel Hypothesis: Pitfalls for {AI} Systems via Decision
               Theoretic Adversaries},
  journal   = {CoRR},
  volume    = {abs/2010.05418},
  year      = {2020},
  url       = {https://arxiv.org/abs/2010.05418},
  eprinttype = {arXiv},
  eprint    = {2010.05418},
  timestamp = {Tue, 20 Oct 2020 15:08:10 +0200},
  biburl    = {https://dblp.org/rec/journals/corr/abs-2010-05418.bib},
  bibsource = {dblp computer science bibliography, https://dblp.org}
}

@InProceedings{shi2019cognitive,
author="Shi, Zhongzhi
and Huang, Zeqin",
editor="Hammer, Patrick
and Agrawal, Pulin
and Goertzel, Ben
and Ikl{\'e}, Matthew",
title="Cognitive Model of Brain-Machine Integration",
booktitle="Artificial General Intelligence",
year="2019",
publisher="Springer International Publishing",
address="Cham",
pages="168--177",
abstract="Brain-machine integration is a new intelligent technology and system, which is a combination of natural intelligence and artificial intelligence.",
isbn="978-3-030-27005-6"
}

@article{SIEMENS2022100107,
title = {Human and artificial cognition},
journal = {Computers and Education: Artificial Intelligence},
volume = {3},
pages = {100107},
year = {2022},
issn = {2666-920X},
doi = {https://doi.org/10.1016/j.caeai.2022.100107},
url = {https://www.sciencedirect.com/science/article/pii/S2666920X22000625},
author = {George Siemens and Fernando Marmolejo-Ramos and Florence Gabriel and Kelsey Medeiros and Rebecca Marrone and Srecko Joksimovic and Maarten {de Laat}},
keywords = {Cognition, Artificial intelligence, Human-machine collaboration, Knowledge processing},
abstract = {Predictions of the timelines for when machines will be able to perform general cognitive activities that rival humans, or even the arrival of “super intelligence”, range from years to decades to never.}
}

@article{wang2010evaluation,
author = {Wang, Pei},
year = {2010},
month = {06},
pages = {},
title = {The evaluation of AGI systems},
journal = {Artificial General Intelligence - Proceedings of the Third Conference on Artificial General Intelligence, AGI 2010},
doi = {10.2991/agi.2010.33}
}

@InProceedings{costello2012errorjudgement,
author="Costello, Fintan",
editor="Bach, Joscha
and Goertzel, Ben
and Ikl{\'e}, Matthew",
title="Noisy Reasoners: Errors of Judgement in Humans and AIs",
booktitle="Artificial General Intelligence",
year="2012",
publisher="Springer Berlin Heidelberg",
address="Berlin, Heidelberg",
pages="31--40",
abstract="This paper examines reasoning under uncertainty in the case where the AI reasoning mechanism is itself subject to random error or noise in its own processes.",
isbn="978-3-642-35506-6"
}

@article{MALINETSKY2021344,
title = {The artificial intelligence influence on real sociality},
journal = {Procedia Computer Science},
volume = {186},
pages = {344-351},
year = {2021},
note = {14th International Symposium "Intelligent Systems},
issn = {1877-0509},
doi = {https://doi.org/10.1016/j.procs.2021.04.155},
url = {https://www.sciencedirect.com/science/article/pii/S1877050921009868},
author = {G. Malinetsky and V. Smolin},
keywords = {Artificial Intelligence, neural networks, goals setting, labor division, competition},
abstract = {Artificial intelligence (AI) technologies are increasingly affecting society.}
}

@article{GRUNDNER20211PERSPECTIVE,
author = {Grundner, Lukas and Neuhofer, Barbara},
year = {2020},
month = {11},
pages = {100511},
title = {The Bright and Dark Sides of Artificial Intelligence: A Futures Perspective on Tourist Destination Experiences},
volume = {19},
journal = {Journal of Destination Marketing and Management},
doi = {10.1016/j.jdmm.2020.100511}
}


@article{YAMAKAWA2021478,
title = {The whole brain architecture approach: Accelerating the development of artificial general intelligence by referring to the brain},
journal = {Neural Networks},
volume = {144},
pages = {478-495},
year = {2021},
issn = {0893-6080},
doi = {https://doi.org/10.1016/j.neunet.2021.09.004},
url = {https://www.sciencedirect.com/science/article/pii/S0893608021003543},
author = {Hiroshi Yamakawa},
keywords = {Brain reference architecture, Structure-constrained interface decomposition method, Brain information flow, Hypothetical component diagram, Brain-inspired artificial general intelligence, Whole-brain architecture},
abstract = {The vastness of the design space that is created by the combination of numerous computational mechanisms, including machine learning, is an obstacle to creating artificial general intelligence (AGI).}
}

@InProceedings{gregorie2014reasoning,
author="Gr{\'e}goire, {\'E}ric
and Lagniez, Jean-Marie
and Mazure, Bertrand",
editor="Goertzel, Ben
and Orseau, Laurent
and Snaider, Javier",
title="A General Artificial Intelligence Approach for Skeptical Reasoning",
booktitle="Artificial General Intelligence",
year="2014",
publisher="Springer International Publishing",
address="Cham",
pages="33--42",
abstract="We propose a general artificial intelligence approach for handling contradictory knowledge.",
isbn="978-3-319-09274-4"
}

@InProceedings{levy2014cognitive,
author="Levy, Simon D.
and Lowney, Charles
and Meroney, William
and Gayler, Ross W.",
editor="Goertzel, Ben
and Orseau, Laurent
and Snaider, Javier",
title="Bracketing the Beetle: How Wittgenstein's Understanding of Language Can Guide Our Practice in AGI and Cognitive Science",
booktitle="Artificial General Intelligence",
year="2014",
publisher="Springer International Publishing",
address="Cham",
pages="73--84",
abstract="We advocate for a novel connectionist modeling framework as an answer to a set of challenges to AGI and cognitive science put forth by classical formal systems approaches.",
isbn="978-3-319-09274-4"
}

@InProceedings{bach2011cognitive,
author="Bach, Joscha",
editor="Schmidhuber, J{\"u}rgen
and Th{\'o}risson, Kristinn R.
and Looks, Moshe",
title="A Motivational System for Cognitive AI",
booktitle="Artificial General Intelligence",
year="2011",
publisher="Springer Berlin Heidelberg",
address="Berlin, Heidelberg",
pages="232--242",
abstract="General Intelligence is not only characterized by the general representation and (relatively) general problem solving capabilities, but also by general motivation.",
isbn="978-3-642-22887-2"
}

@InProceedings{sezener2015safedesign,
author="Sezener, Can Eren",
editor="Bieger, Jordi
and Goertzel, Ben
and Potapov, Alexey",
title="Inferring Human Values for Safe AGI Design",
booktitle="Artificial General Intelligence",
year="2015",
publisher="Springer International Publishing",
address="Cham",
pages="152--155",
abstract="Aligning goals of superintelligent machines with human values is one of the ways to pursue safety in AGI systems. ",
isbn="978-3-319-21365-1"
}

@InProceedings{pitko2015languages,
author="Khudobakhshov, Vitaly
and Pitko, Andrey
and Zotov, Denis",
editor="Bieger, Jordi
and Goertzel, Ben
and Potapov, Alexey",
title="Programming Languages and Artificial General Intelligence",
booktitle="Artificial General Intelligence",
year="2015",
publisher="Springer International Publishing",
address="Cham",
pages="293--300",
abstract="Despite the fact that there are thousands of programming languages existing there is a huge controversy about what language is better to solve a particular problem.",
isbn="978-3-319-21365-1"
}

@InProceedings{bieger2015safeagi,
author="Bieger, Jordi
and Th{\'o}risson, Kristinn R.
and Wang, Pei",
editor="Bieger, Jordi
and Goertzel, Ben
and Potapov, Alexey",
title="Safe Baby AGI",
booktitle="Artificial General Intelligence",
year="2015",
publisher="Springer International Publishing",
address="Cham",
pages="46--49",
abstract="Out of fear that artificial general intelligence (AGI) might pose a future risk to human existence, some have suggested slowing or stopping AGI research, to allow time for theoretical work to guarantee its safety.",
isbn="978-3-319-21365-1"
}

@article{james2016containment,
  author    = {James Babcock and
               J{\'{a}}nos Kram{\'{a}}r and
               Roman Yampolskiy},
  title     = {The {AGI} Containment Problem},
  journal   = {CoRR},
  volume    = {abs/1604.00545},
  year      = {2016},
  url       = {http://arxiv.org/abs/1604.00545},
  eprinttype = {arXiv},
  eprint    = {1604.00545},
  timestamp = {Mon, 13 Aug 2018 16:46:32 +0200},
  biburl    = {https://dblp.org/rec/journals/corr/BabcockKY16.bib},
  bibsource = {dblp computer science bibliography, https://dblp.org}
}

@InProceedings{roman2015selfimproving,
author="Yampolskiy, Roman V.",
editor="Bieger, Jordi
and Goertzel, Ben
and Potapov, Alexey",
title="On the Limits of Recursively Self-Improving AGI",
booktitle="Artificial General Intelligence",
year="2015",
publisher="Springer International Publishing",
address="Cham",
pages="394--403",
abstract="Self-improving software has been a goal of computer scientists since the founding of the field of Artificial Intelligence.",
isbn="978-3-319-21365-1"
}

@InProceedings{goertzel2011mind,
author="Goertzel, Ben
and Ikle, Matthew",
editor="Schmidhuber, J{\"u}rgen
and Th{\'o}risson, Kristinn R.
and Looks, Moshe",
title="Three Hypotheses about the Geometry of Mind",
booktitle="Artificial General Intelligence",
year="2011",
publisher="Springer Berlin Heidelberg",
address="Berlin, Heidelberg",
pages="340--345",
abstract="We present a novel perspective on the nature of intelligence, motivated by the OpenCog AGI architecture, but intended to have a much broader scope.",
isbn="978-3-642-22887-2"
}

@InProceedings{koene2011neuroscience,
author="Koene, Randal A.",
editor="Schmidhuber, J{\"u}rgen
and Th{\'o}risson, Kristinn R.
and Looks, Moshe",
title="AGI and Neuroscience: Open Sourcing the Brain",
booktitle="Artificial General Intelligence",
year="2011",
publisher="Springer Berlin Heidelberg",
address="Berlin, Heidelberg",
pages="401--406",
abstract="Can research into artificial general intelligence actually benefit from neuroscience and vice-versa?",
isbn="978-3-642-22887-2"
}


@InProceedings{gust2011rationality,
author="Gust, Helmar
and Krumnack, Ulf
and Mart{\'i}nez, Maricarmen
and Abdel-Fattah, Ahmed
and Schmidt, Martin
and K{\"u}hnberger, Kai-Uwe",
editor="Schmidhuber, J{\"u}rgen
and Th{\'o}risson, Kristinn R.
and Looks, Moshe",
title="Rationality and General Intelligence",
booktitle="Artificial General Intelligence",
year="2011",
publisher="Springer Berlin Heidelberg",
address="Berlin, Heidelberg",
pages="174--183",
abstract="Humans are without any doubts the prototypical example of agents that can hold rational beliefs and can show rational behavior.",
isbn="978-3-642-22887-2"
}

@InProceedings{schneider2013models,
author="Schneider, Stefan
and Abdel-Fattah, Ahmed M. H.
and Angerer, Benjamin
and Weber, Felix",
editor="K{\"u}hnberger, Kai-Uwe
and Rudolph, Sebastian
and Wang, Pei",
title="Model Construction in General Intelligence",
booktitle="Artificial General Intelligence",
year="2013",
publisher="Springer Berlin Heidelberg",
address="Berlin, Heidelberg",
pages="109--118",
abstract="In this conceptual paper we propose a shift of perspective for parts of AI -- from search to model construction.",
isbn="978-3-642-39521-5"
}

@InProceedings{besold2013intelligence,
author="Besold, Tarek Richard",
editor="K{\"u}hnberger, Kai-Uwe
and Rudolph, Sebastian
and Wang, Pei",
title="Human-Level Artificial Intelligence Must Be a Science",
booktitle="Artificial General Intelligence",
year="2013",
publisher="Springer Berlin Heidelberg",
address="Berlin, Heidelberg",
pages="174--177",
abstract="Human-level artificial intelligence (HAI) surely is a special research endeavor in more than one way",
isbn="978-3-642-39521-5"
}

@InProceedings{tarek2013intelligence,
author="Besold, Tarek Richard
and Robere, Robert",
editor="K{\"u}hnberger, Kai-Uwe
and Rudolph, Sebastian
and Wang, Pei",
title="A Note on Tractability and Artificial Intelligence",
booktitle="Artificial General Intelligence",
year="2013",
publisher="Springer Berlin Heidelberg",
address="Berlin, Heidelberg",
pages="170--173",
abstract="The recognition that human minds/brains are finite systems with limited resources for computation has led researchers in Cognitive Science to advance the Tractable Cognition thesis",
isbn="978-3-642-39521-5"
}

@article{Goertzel2014state,
author = {Ben Goertzel},
doi = {doi:10.2478/jagi-2014-0001},
url = {https://doi.org/10.2478/jagi-2014-0001},
title = {Artificial General Intelligence: Concept, State of the Art, and Future Prospects},
journal = {Journal of Artificial General Intelligence},
number = {1},
volume = {5},
year = {2014},
pages = {1--48}
}

@article{article,
author = {Ng, Gee-Wah and Tan, Yuan and Teow, Loo-Nin and Kheng Hwee, Tan and Chan, R.},
year = {2011},
month = {01},
pages = {},
title = {A Cognitive Architecture for Knowledge Exploitation},
journal = {Artificial General Intelligence - Proceedings of the Third Conference on Artificial General Intelligence, AGI 2010},
doi = {10.2991/agi.2010.35}
}
